Scopus
EXPORT DATE: 28 February 2023

@ARTICLE{Valizadeh2023,
author={Valizadeh, J. and Boloukifar, S. and Soltani, S. and Jabalbarezi Hookerd, E. and Fouladi, F. and Andreevna Rushchtc, A. and Du, B. and Shen, J.},
title={Designing an optimization model for the vaccine supply chain during the COVID-19 pandemic},
journal={Expert Systems with Applications},
year={2023},
volume={214},
doi={10.1016/j.eswa.2022.119009},
art_number={119009},
url={https://www.scopus.com/inward/record.uri?eid=2-s2.0-85140996049&doi=10.1016%2fj.eswa.2022.119009&partnerID=40&md5=8c2d03dc8b69b0909b2f0c0a249bc08d},
publisher={Elsevier Ltd},
issn={09574174},
coden={ESAPE},
language={English},
abbrev_source_title={Expert Sys Appl},
document_type={Article},
source={Scopus},
}

@ARTICLE{Rey2023,
author={Rey, D. and Hammad, A.W. and Saberi, M.},
title={Vaccine allocation policy optimization and budget sharing mechanism using reinforcement learning},
journal={Omega (United Kingdom)},
year={2023},
volume={115},
doi={10.1016/j.omega.2022.102783},
art_number={102783},
url={https://www.scopus.com/inward/record.uri?eid=2-s2.0-85140735206&doi=10.1016%2fj.omega.2022.102783&partnerID=40&md5=b3fa9ac6b40d88a8017f26f0282bd4d5},
publisher={Elsevier Ltd},
issn={03050483},
coden={OMEGA},
language={English},
abbrev_source_title={Omega},
document_type={Article},
source={Scopus},
}

@ARTICLE{Kamran2023,
author={Kamran, M.A. and Kia, R. and Goodarzian, F. and Ghasemi, P.},
title={A new vaccine supply chain network under COVID-19 conditions considering system dynamic: Artificial intelligence algorithms},
journal={Socio-Economic Planning Sciences},
year={2023},
volume={85},
doi={10.1016/j.seps.2022.101378},
art_number={101378},
url={https://www.scopus.com/inward/record.uri?eid=2-s2.0-85136679595&doi=10.1016%2fj.seps.2022.101378&partnerID=40&md5=7de970fccd172a478a423f82ae78d11c},
publisher={Elsevier Ltd},
issn={00380121},
language={English},
abbrev_source_title={Socio-Econ. Plann. Sci.},
document_type={Article},
source={Scopus},
}

@ARTICLE{Zheng2023141,
author={Zheng, Y.-J. and Chen, X. and Song, Q. and Yang, J. and Wang, L.},
title={Evolutionary Optimization of COVID-19 Vaccine Distribution With Evolutionary Demands},
journal={IEEE Transactions on Evolutionary Computation},
year={2023},
volume={27},
number={1},
pages={141-154},
doi={10.1109/TEVC.2022.3164260},
url={https://www.scopus.com/inward/record.uri?eid=2-s2.0-85127499573&doi=10.1109%2fTEVC.2022.3164260&partnerID=40&md5=02dd8660e57bc6189feb682b22093647},
publisher={Institute of Electrical and Electronics Engineers Inc.},
issn={1089778X},
coden={ITEVF},
language={English},
abbrev_source_title={IEEE Trans Evol Comput},
document_type={Article},
source={Scopus},
}

@ARTICLE{NahoftiKohneh2023,
author={Nahofti Kohneh, J. and Amirdadi, M. and Teimoury, E.},
title={An optimization framework for COVID-19 vaccine allocation and inventory management: A case study},
journal={Applied Soft Computing},
year={2023},
volume={132},
doi={10.1016/j.asoc.2022.109801},
art_number={109801},
url={https://www.scopus.com/inward/record.uri?eid=2-s2.0-85143635078&doi=10.1016%2fj.asoc.2022.109801&partnerID=40&md5=d800a239a11ff53f134bbb616305eb42},
publisher={Elsevier Ltd},
issn={15684946},
language={English},
abbrev_source_title={Appl. Soft Comput.},
document_type={Article},
source={Scopus},
}

@ARTICLE{Basciftci2023,
author={Basciftci, B. and Yu, X. and Shen, S.},
title={Resource distribution under spatiotemporal uncertainty of disease spread: Stochastic versus robust approaches},
journal={Computers and Operations Research},
year={2023},
volume={149},
doi={10.1016/j.cor.2022.106028},
art_number={106028},
url={https://www.scopus.com/inward/record.uri?eid=2-s2.0-85139300091&doi=10.1016%2fj.cor.2022.106028&partnerID=40&md5=8f97eb456223a5ba945382f41400988f},
publisher={Elsevier Ltd},
issn={03050548},
coden={CMORA},
language={English},
abbrev_source_title={Comp. Oper. Res.},
document_type={Article},
source={Scopus},
}

@ARTICLE{Thul2023325,
author={Thul, L. and Powell, W.},
title={Stochastic optimization for vaccine and testing kit allocation for the COVID-19 pandemic},
journal={European Journal of Operational Research},
year={2023},
volume={304},
number={1},
pages={325-338},
doi={10.1016/j.ejor.2021.11.007},
url={https://www.scopus.com/inward/record.uri?eid=2-s2.0-85121342551&doi=10.1016%2fj.ejor.2021.11.007&partnerID=40&md5=204cbab11c0a400d10b03519a6b3c432},
publisher={Elsevier B.V.},
issn={03772217},
coden={EJORD},
language={English},
abbrev_source_title={Eur J Oper Res},
document_type={Article},
source={Scopus},
}

@ARTICLE{Klise2022,
author={Klise, K. and Beyeler, W. and Acquesta, E. and Thelen, H. and Makvandi, M. and Finley, P.},
title={Prioritizing vaccination based on analysis of community networks},
journal={Applied Network Science},
year={2022},
volume={7},
number={1},
doi={10.1007/s41109-022-00522-7},
art_number={80},
url={https://www.scopus.com/inward/record.uri?eid=2-s2.0-85143135804&doi=10.1007%2fs41109-022-00522-7&partnerID=40&md5=ff9cd8cc1324e66477c350dd8d6ceae9},
publisher={Springer Science and Business Media Deutschland GmbH},
issn={23648228},
language={English},
abbrev_source_title={Appl. Netw. Sci.},
document_type={Article},
source={Scopus},
}

@ARTICLE{Mohammadi2022,
author={Mohammadi, M. and Dehghan, M. and Pirayesh, A. and Dolgui, A.},
title={Bi‐objective optimization of a stochastic resilient vaccine distribution network in the context of the COVID‐19 pandemic},
journal={Omega (United Kingdom)},
year={2022},
volume={113},
doi={10.1016/j.omega.2022.102725},
art_number={102725},
url={https://www.scopus.com/inward/record.uri?eid=2-s2.0-85135508907&doi=10.1016%2fj.omega.2022.102725&partnerID=40&md5=4cedc2ca4cb73014a319e3a20b28e53c},
publisher={Elsevier Ltd},
issn={03050483},
coden={OMEGA},
language={English},
abbrev_source_title={Omega},
document_type={Article},
source={Scopus},
}

@ARTICLE{Chowdhury2022,
author={Chowdhury, N.R. and Ahmed, M. and Mahmud, P. and Paul, S.K. and Liza, S.A.},
title={Modeling a sustainable vaccine supply chain for a healthcare system},
journal={Journal of Cleaner Production},
year={2022},
volume={370},
doi={10.1016/j.jclepro.2022.133423},
art_number={133423},
url={https://www.scopus.com/inward/record.uri?eid=2-s2.0-85136193273&doi=10.1016%2fj.jclepro.2022.133423&partnerID=40&md5=4e1a370c509485b282004b1e97b04535},
publisher={Elsevier Ltd},
issn={09596526},
coden={JCROE},
language={English},
abbrev_source_title={J. Clean. Prod.},
document_type={Article},
source={Scopus},
}

@ARTICLE{Khodaee2022,
author={Khodaee, V. and Kayvanfar, V. and Haji, A.},
title={A humanitarian cold supply chain distribution model with equity consideration: The case of COVID-19 vaccine distribution in the European Union},
journal={Decision Analytics Journal},
year={2022},
volume={4},
doi={10.1016/j.dajour.2022.100126},
art_number={100126},
url={https://www.scopus.com/inward/record.uri?eid=2-s2.0-85138108292&doi=10.1016%2fj.dajour.2022.100126&partnerID=40&md5=0b297242b2f569a5502725857450bd63},
publisher={Elsevier Inc.},
issn={27726622},
language={English},
abbrev_source_title={Decis. Anal. J.},
document_type={Article},
source={Scopus},
}

@ARTICLE{Li2022,
author={Li, Q. and Huang, Y.},
title={Optimizing global COVID-19 vaccine allocation: An agent-based computational model of 148 countries},
journal={PLoS Computational Biology},
year={2022},
volume={18},
number={9},
doi={10.1371/journal.pcbi.1010463},
art_number={e1010463},
url={https://www.scopus.com/inward/record.uri?eid=2-s2.0-85137746117&doi=10.1371%2fjournal.pcbi.1010463&partnerID=40&md5=be2feae4d374d98f9ecc906713eb924b},
publisher={Public Library of Science},
issn={1553734X},
pubmed_id={36067157},
language={English},
abbrev_source_title={PLoS Comput. Biol.},
document_type={Article},
source={Scopus},
}

@ARTICLE{Cattaneo2022,
author={Cattaneo, A. and Vitali, A. and Mazzoleni, M. and Previdi, F.},
title={An agent-based model to assess large-scale COVID-19 vaccination campaigns for the Italian territory: The case study of Lombardy region},
journal={Computer Methods and Programs in Biomedicine},
year={2022},
volume={224},
doi={10.1016/j.cmpb.2022.107029},
art_number={107029},
url={https://www.scopus.com/inward/record.uri?eid=2-s2.0-85134890172&doi=10.1016%2fj.cmpb.2022.107029&partnerID=40&md5=3aee9c17f4c1d3421166815891791bb3},
publisher={Elsevier Ireland Ltd},
issn={01692607},
coden={CMPBE},
pubmed_id={35908330},
language={English},
abbrev_source_title={Comput. Methods Programs Biomed.},
document_type={Article},
source={Scopus},
}

@ARTICLE{Dastgoshade2022,
author={Dastgoshade, S. and Shafiee, M. and Klibi, W. and Shishebori, D.},
title={Social equity-based distribution networks design for the COVID-19 vaccine},
journal={International Journal of Production Economics},
year={2022},
volume={250},
doi={10.1016/j.ijpe.2022.108684},
art_number={108684},
url={https://www.scopus.com/inward/record.uri?eid=2-s2.0-85141265443&doi=10.1016%2fj.ijpe.2022.108684&partnerID=40&md5=2e3c3e5e34b0db8a5027a4fa8400ae72},
publisher={Elsevier B.V.},
issn={09255273},
coden={IJPCE},
language={English},
abbrev_source_title={Int J Prod Econ},
document_type={Article},
source={Scopus},
}

@ARTICLE{Lemaitre2022,
author={Lemaitre, J.C. and Pasetto, D. and Zanon, M. and Bertuzzo, E. and Mari, L. and Miccoli, S. and Casagrandi, R. and Gatto, M. and Rinaldo, A.},
title={Optimal control of the spatial allocation of COVID-19 vaccines: Italy as a case study},
journal={PLoS Computational Biology},
year={2022},
volume={18},
number={7},
doi={10.1371/journal.pcbi.1010237},
art_number={e1010237},
url={https://www.scopus.com/inward/record.uri?eid=2-s2.0-85134430806&doi=10.1371%2fjournal.pcbi.1010237&partnerID=40&md5=a1f1b300642e5d4c9f8592566f36b173},
publisher={Public Library of Science},
issn={1553734X},
pubmed_id={35802755},
language={English},
abbrev_source_title={PLoS Comput. Biol.},
document_type={Article},
source={Scopus},
}

@ARTICLE{Jahani2022,
author={Jahani, H. and Chaleshtori, A.E. and Khaksar, S.M.S. and Aghaie, A. and Sheu, J.-B.},
title={COVID-19 vaccine distribution planning using a congested queuing system—A real case from Australia},
journal={Transportation Research Part E: Logistics and Transportation Review},
year={2022},
volume={163},
doi={10.1016/j.tre.2022.102749},
art_number={102749},
url={https://www.scopus.com/inward/record.uri?eid=2-s2.0-85131564405&doi=10.1016%2fj.tre.2022.102749&partnerID=40&md5=f39ccc87b2fdfdcd3bfad382f62231bc},
publisher={Elsevier Ltd},
issn={13665545},
language={English},
abbrev_source_title={Transp. Res. Part E Logist. Transp. Rev.},
document_type={Article},
source={Scopus},
}

@ARTICLE{Trad2022,
author={Trad, F. and El Falou, S.},
title={Testing Different COVID-19 Vaccination Strategies Using an Agent-Based Modeling Approach},
journal={SN Computer Science},
year={2022},
volume={3},
number={4},
doi={10.1007/s42979-022-01199-6},
art_number={307},
url={https://www.scopus.com/inward/record.uri?eid=2-s2.0-85130726959&doi=10.1007%2fs42979-022-01199-6&partnerID=40&md5=7ebfb0cd6780aa35cc6183a7842db328},
publisher={Springer},
issn={2662995X},
language={English},
abbrev_source_title={SN COMPUT. SCI.},
document_type={Article},
source={Scopus},
}

@ARTICLE{Gilani2022,
author={Gilani, H. and Sahebi, H.},
title={A data-driven robust optimization model by cutting hyperplanes on vaccine access uncertainty in COVID-19 vaccine supply chain},
journal={Omega (United Kingdom)},
year={2022},
volume={110},
doi={10.1016/j.omega.2022.102637},
art_number={102637},
url={https://www.scopus.com/inward/record.uri?eid=2-s2.0-85126604892&doi=10.1016%2fj.omega.2022.102637&partnerID=40&md5=e3fc1ff4d671becbadcdcd412502a345},
publisher={Elsevier Ltd},
issn={03050483},
coden={OMEGA},
language={English},
abbrev_source_title={Omega},
document_type={Article},
source={Scopus},
}

@ARTICLE{Temerev2022239,
author={Temerev, A. and Rozanova, L. and Keiser, O. and Estill, J.},
title={Geospatial model of COVID-19 spreading and vaccination with event Gillespie algorithm},
journal={Nonlinear Dynamics},
year={2022},
volume={109},
number={1},
pages={239-248},
doi={10.1007/s11071-021-07186-5},
url={https://www.scopus.com/inward/record.uri?eid=2-s2.0-85123476310&doi=10.1007%2fs11071-021-07186-5&partnerID=40&md5=134da684f77b3a94c783f6f74f1bdcf9},
publisher={Springer Science and Business Media B.V.},
issn={0924090X},
coden={NODYE},
language={English},
abbrev_source_title={Nonlinear Dyn},
document_type={Article},
source={Scopus},
}

@ARTICLE{Gozzi2022,
author={Gozzi, N. and Chinazzi, M. and Davis, J.T. and Mu, K. and Piontti, A.P.Y. and Ajelli, M. and Perra, N. and Vespignani, A.},
title={Anatomy of the first six months of COVID-19 vaccination campaign in Italy},
journal={PLoS Computational Biology},
year={2022},
volume={18},
number={5},
doi={10.1371/journal.pcbi.1010146},
art_number={e1010146},
url={https://www.scopus.com/inward/record.uri?eid=2-s2.0-85130796667&doi=10.1371%2fjournal.pcbi.1010146&partnerID=40&md5=633b83375b8bc03c315fe5b79be5c116},
publisher={Public Library of Science},
issn={1553734X},
pubmed_id={35613248},
language={English},
abbrev_source_title={PLoS Comput. Biol.},
document_type={Article},
source={Scopus},
}

@ARTICLE{Fadaki2022,
author={Fadaki, M. and Abareshi, A. and Far, S.M. and Lee, P.T.-W.},
title={Multi-period vaccine allocation model in a pandemic: A case study of COVID-19 in Australia},
journal={Transportation Research Part E: Logistics and Transportation Review},
year={2022},
volume={161},
doi={10.1016/j.tre.2022.102689},
art_number={102689},
url={https://www.scopus.com/inward/record.uri?eid=2-s2.0-85129512666&doi=10.1016%2fj.tre.2022.102689&partnerID=40&md5=145b54dec18e1a7f94868a493194ebb9},
publisher={Elsevier Ltd},
issn={13665545},
language={English},
abbrev_source_title={Transp. Res. Part E Logist. Transp. Rev.},
document_type={Article},
source={Scopus},
}

@ARTICLE{Jarumaneeroj2022,
author={Jarumaneeroj, P. and Dusadeerungsikul, P.O. and Chotivanich, T. and Nopsopon, T. and Pongpirul, K.},
title={An epidemiology-based model for the operational allocation of COVID-19 vaccines: A case study of Thailand},
journal={Computers and Industrial Engineering},
year={2022},
volume={167},
doi={10.1016/j.cie.2022.108031},
art_number={108031},
url={https://www.scopus.com/inward/record.uri?eid=2-s2.0-85125255877&doi=10.1016%2fj.cie.2022.108031&partnerID=40&md5=c7d2cce8059203f8391287bd20603765},
publisher={Elsevier Ltd},
issn={03608352},
coden={CINDD},
language={English},
abbrev_source_title={Comput Ind Eng},
document_type={Article},
source={Scopus},
}

@ARTICLE{Molla2022,
author={Molla, J. and de León Chávez, A.P. and Hiraoka, T. and Ala-Nissila, T. and Kivelä, M. and Leskelä, L.},
title={Adaptive and optimized COVID-19 vaccination strategies across geographical regions and age groups},
journal={PLoS Computational Biology},
year={2022},
volume={18},
number={4},
doi={10.1371/journal.pcbi.1009974},
art_number={e1009974},
url={https://www.scopus.com/inward/record.uri?eid=2-s2.0-85128465198&doi=10.1371%2fjournal.pcbi.1009974&partnerID=40&md5=ddbf54fd3992e2598a4af404c6ee9268},
publisher={Public Library of Science},
issn={1553734X},
pubmed_id={35389983},
language={English},
abbrev_source_title={PLoS Comput. Biol.},
document_type={Article},
source={Scopus},
}

@ARTICLE{Ferreira2022,
author={Ferreira, L.S. and Canton, O. and da Silva, R.L.P. and Poloni, S. and Sudbrack, V. and Borges, M.E. and Franco, C. and Marquitti, F.M.D. and de Moraes, J.C. and de Sousa Mascena Veras, M.A. and Kraenkel, R.A. and Coutinho, R.M.},
title={Assessing the best time interval between doses in a two-dose vaccination regimen to reduce the number of deaths in an ongoing epidemic of SARS-CoV-2},
journal={PLoS Computational Biology},
year={2022},
volume={18},
number={3},
doi={10.1371/journal.pcbi.1009978},
art_number={e1009978},
url={https://www.scopus.com/inward/record.uri?eid=2-s2.0-85128245731&doi=10.1371%2fjournal.pcbi.1009978&partnerID=40&md5=e4522022ccf50b2e535c1c55f21b9e02},
publisher={Public Library of Science},
issn={1553734X},
pubmed_id={35333872},
language={English},
abbrev_source_title={PLoS Comput. Biol.},
document_type={Article},
source={Scopus},
}

@ARTICLE{Shahparvari2022,
author={Shahparvari, S. and Hassanizadeh, B. and Mohammadi, A. and Kiani, B. and Lau, K.H. and Chhetri, P. and Abbasi, B.},
title={A decision support system for prioritised COVID-19 two-dosage vaccination allocation and distribution},
journal={Transportation Research Part E: Logistics and Transportation Review},
year={2022},
volume={159},
doi={10.1016/j.tre.2021.102598},
art_number={102598},
url={https://www.scopus.com/inward/record.uri?eid=2-s2.0-85125256095&doi=10.1016%2fj.tre.2021.102598&partnerID=40&md5=f8676d9c2f1ee1d4847c36e9ca7bb4ca},
publisher={Elsevier Ltd},
issn={13665545},
language={English},
abbrev_source_title={Transp. Res. Part E Logist. Transp. Rev.},
document_type={Article},
source={Scopus},
}

@ARTICLE{Anahideh2022,
author={Anahideh, H. and Kang, L. and Nezami, N.},
title={Fair and diverse allocation of scarce resources},
journal={Socio-Economic Planning Sciences},
year={2022},
volume={80},
doi={10.1016/j.seps.2021.101193},
art_number={101193},
url={https://www.scopus.com/inward/record.uri?eid=2-s2.0-85121257988&doi=10.1016%2fj.seps.2021.101193&partnerID=40&md5=c4fee0ead26f9ddf5ff03730b3cb30e9},
publisher={Elsevier Ltd},
issn={00380121},
language={English},
abbrev_source_title={Socio-Econ. Plann. Sci.},
document_type={Article},
source={Scopus},
}

@ARTICLE{Bertsimas2022179,
author={Bertsimas, D. and Digalakis Jr, V. and Jacquillat, A. and Li, M.L. and Previero, A.},
title={Where to locate COVID-19 mass vaccination facilities?},
journal={Naval Research Logistics},
year={2022},
volume={69},
number={2},
pages={179-200},
doi={10.1002/nav.22007},
url={https://www.scopus.com/inward/record.uri?eid=2-s2.0-85107784213&doi=10.1002%2fnav.22007&partnerID=40&md5=8a88862a997aff54cfd83687c0814302},
publisher={John Wiley and Sons Inc},
issn={0894069X},
coden={NRLOE},
language={English},
abbrev_source_title={Nav Res Logist},
document_type={Article},
source={Scopus},
}

@ARTICLE{Gavish2022,
author={Gavish, N. and Katriel, G.},
title={The role of childrens' vaccination for COVID- 19-Pareto-optimal allocations of vaccines},
journal={PLoS Computational Biology},
year={2022},
volume={18},
number={2},
doi={10.1371/journal.pcbi.1009872},
art_number={e1009872},
url={https://www.scopus.com/inward/record.uri?eid=2-s2.0-85124780164&doi=10.1371%2fjournal.pcbi.1009872&partnerID=40&md5=81a320b5088eba309a199efed573d15c},
publisher={Public Library of Science},
issn={1553734X},
pubmed_id={35213541},
language={English},
abbrev_source_title={PLoS Comput. Biol.},
document_type={Article},
source={Scopus},
}

@ARTICLE{Hajibabai20221135,
author={Hajibabai, L. and Hajbabaie, A. and Swann, J. and Vergano, D.},
title={Using COVID-19 Data on Vaccine Shipments and Wastage to Inform Modeling and Decision-Making},
journal={Transportation Science},
year={2022},
volume={56},
number={5},
pages={1135-1147},
doi={10.1287/trsc.2022.1134},
url={https://www.scopus.com/inward/record.uri?eid=2-s2.0-85140000767&doi=10.1287%2ftrsc.2022.1134&partnerID=40&md5=0431b408a464cbb64f0e3f78bbe58a6a},
publisher={INFORMS Inst.for Operations Res.and the Management Sciences},
issn={00411655},
coden={TRSCB},
language={English},
abbrev_source_title={Transp Sci},
document_type={Review},
source={Scopus},
}

@ARTICLE{Balcik20227502,
author={Balcik, B. and Yucesoy, E. and Akca, B. and Karakaya, S. and Gevsek, A.A. and Baharmand, H. and Sgarbossa, F.},
title={A mathematical model for equitable in-country COVID-19 vaccine allocation},
journal={International Journal of Production Research},
year={2022},
volume={60},
number={24},
pages={7502-7526},
doi={10.1080/00207543.2022.2110014},
url={https://www.scopus.com/inward/record.uri?eid=2-s2.0-85136525626&doi=10.1080%2f00207543.2022.2110014&partnerID=40&md5=48ee7ee55730fbcf7cdce552c94c5b7e},
publisher={Taylor and Francis Ltd.},
issn={00207543},
coden={IJPRB},
language={English},
abbrev_source_title={Int J Prod Res},
document_type={Article},
source={Scopus},
}

@ARTICLE{Awasthi2022,
author={Awasthi, R. and Guliani, K.K. and Khan, S.A. and Vashishtha, A. and Gill, M.S. and Bhatt, A. and Nagori, A. and Gupta, A. and Kumaraguru, P. and Sethi, T.},
title={VacSIM: Learning effective strategies for COVID-19 vaccine distribution using reinforcement learning},
journal={Intelligence-Based Medicine},
year={2022},
volume={6},
doi={10.1016/j.ibmed.2022.100060},
art_number={100060},
url={https://www.scopus.com/inward/record.uri?eid=2-s2.0-85134596872&doi=10.1016%2fj.ibmed.2022.100060&partnerID=40&md5=ce815d1f9cf7332448de4647a2ddf046},
publisher={Elsevier B.V.},
issn={26665212},
language={English},
abbrev_source_title={Intell. Based Med.},
document_type={Article},
source={Scopus},
}

@ARTICLE{Lusiantoro2022240,
author={Lusiantoro, L. and Mara, S.T.W. and Rifai, A.P.},
title={A Locational Analysis Model of the COVID-19 Vaccine Distribution},
journal={Operations and Supply Chain Management},
year={2022},
volume={15},
number={2},
pages={240-250},
doi={10.31387/oscm0490344},
url={https://www.scopus.com/inward/record.uri?eid=2-s2.0-85129500733&doi=10.31387%2foscm0490344&partnerID=40&md5=7cc50b7763c7757d33ca24dd7c0a0e14},
publisher={Operations and Supply Chain Management Forum},
issn={19793561},
language={English},
abbrev_source_title={Operations Supply Chain Manag.},
document_type={Article},
source={Scopus},
}

@ARTICLE{Liu2022626,
author={Liu, R. and Yang, H.},
title={Spatial Tessellation of Infectious Disease Spread for Epidemic Decision Support},
journal={IEEE Robotics and Automation Letters},
year={2022},
volume={7},
number={1},
pages={626-633},
doi={10.1109/LRA.2021.3131699},
url={https://www.scopus.com/inward/record.uri?eid=2-s2.0-85121743329&doi=10.1109%2fLRA.2021.3131699&partnerID=40&md5=187d9606b42db4c9877bec75509403be},
publisher={Institute of Electrical and Electronics Engineers Inc.},
issn={23773766},
language={English},
abbrev_source_title={IEEE Robot. Autom.},
document_type={Article},
source={Scopus},
}

@ARTICLE{Yin202252,
author={Yin, X. and Büyüktahtakın, İ.E.},
title={Risk-averse multi-stage stochastic programming to optimizing vaccine allocation and treatment logistics for effective epidemic response},
journal={IISE Transactions on Healthcare Systems Engineering},
year={2022},
volume={12},
number={1},
pages={52-74},
doi={10.1080/24725579.2021.1938298},
url={https://www.scopus.com/inward/record.uri?eid=2-s2.0-85111419211&doi=10.1080%2f24725579.2021.1938298&partnerID=40&md5=0b32601b570333ca31a7cc224c84a444},
publisher={Taylor and Francis Ltd.},
issn={24725579},
language={English},
abbrev_source_title={IISE Transactions Healthc. Syst. Eng.},
document_type={Article},
source={Scopus},
}

@ARTICLE{BruinedeBruin20221047,
author={Bruine de Bruin, W. and Ulqinaku, A. and Goldman, D.P.},
title={Effect of COVID-19 vaccine allocation strategies on vaccination refusal: a national survey},
journal={Journal of Risk Research},
year={2022},
volume={25},
number={9},
pages={1047-1054},
doi={10.1080/13669877.2021.1936613},
url={https://www.scopus.com/inward/record.uri?eid=2-s2.0-85107498111&doi=10.1080%2f13669877.2021.1936613&partnerID=40&md5=879642b2d50ff9a34ea5c4f85eaa8524},
publisher={Routledge},
issn={13669877},
language={English},
abbrev_source_title={J. Risk Res.},
document_type={Article},
source={Scopus},
}

@ARTICLE{Hartnett2021,
author={Hartnett, G.S. and Parker, E. and Gulden, T.R. and Vardavas, R. and Kravitz, D.},
title={Modelling the impact of social distancing and targeted vaccination on the spread of COVID-19 through a real city-scale contact network},
journal={Journal of Complex Networks},
year={2021},
volume={9},
number={6},
doi={10.1093/comnet/cnab042},
art_number={cnab042},
url={https://www.scopus.com/inward/record.uri?eid=2-s2.0-85128759040&doi=10.1093%2fcomnet%2fcnab042&partnerID=40&md5=a1d83acbe8d3154389ac879cc63c3f78},
publisher={Oxford University Press},
issn={20511310},
language={English},
abbrev_source_title={J. Complex Netw.},
document_type={Article},
source={Scopus},
}

@ARTICLE{Miura2021,
author={Miura, F. and Leung, K.Y. and Klinkenberg, D. and Ainslie, K.E.C. and Wallinga, J.},
title={Optimal vaccine allocation for COVID-19 in the Netherlands: A data-driven prioritization},
journal={PLoS Computational Biology},
year={2021},
volume={17},
number={12},
doi={10.1371/journal.pcbi.1009697},
art_number={e1009697},
url={https://www.scopus.com/inward/record.uri?eid=2-s2.0-85122290329&doi=10.1371%2fjournal.pcbi.1009697&partnerID=40&md5=759a725b4ea6e841bd0ca7c55ad302bc},
publisher={Public Library of Science},
issn={1553734X},
pubmed_id={34898617},
language={English},
abbrev_source_title={PLoS Comput. Biol.},
document_type={Article},
source={Scopus},
}

@ARTICLE{Manupati2021,
author={Manupati, V.K. and Schoenherr, T. and Subramanian, N. and Ramkumar, M. and Soni, B. and Panigrahi, S.},
title={A multi-echelon dynamic cold chain for managing vaccine distribution},
journal={Transportation Research Part E: Logistics and Transportation Review},
year={2021},
volume={156},
doi={10.1016/j.tre.2021.102542},
art_number={102542},
url={https://www.scopus.com/inward/record.uri?eid=2-s2.0-85119279993&doi=10.1016%2fj.tre.2021.102542&partnerID=40&md5=f8ee4b7805a5e49e733e4474df23ef54},
publisher={Elsevier Ltd},
issn={13665545},
language={English},
abbrev_source_title={Transp. Res. Part E Logist. Transp. Rev.},
document_type={Article},
source={Scopus},
}

@ARTICLE{Sun2021,
author={Sun, X. and Andoh, E.A. and Yu, H.},
title={A simulation-based analysis for effective distribution of COVID-19 vaccines: A case study in Norway},
journal={Transportation Research Interdisciplinary Perspectives},
year={2021},
volume={11},
doi={10.1016/j.trip.2021.100453},
art_number={100453},
url={https://www.scopus.com/inward/record.uri?eid=2-s2.0-85118548194&doi=10.1016%2fj.trip.2021.100453&partnerID=40&md5=b7c8bc69d1ea9ec823edec58220261e5},
publisher={Elsevier Ltd},
issn={25901982},
language={English},
abbrev_source_title={Transp. Res. Interdiscip. Perspect.},
document_type={Article},
source={Scopus},
}

@ARTICLE{Gozzi2021,
author={Gozzi, N. and Bajardi, P. and Perra, N.},
title={The importance of non-pharmaceutical interventions during the COVID-19 vaccine rollout},
journal={PLoS Computational Biology},
year={2021},
volume={17},
number={9},
doi={10.1371/journal.pcbi.1009346},
art_number={e1009346},
url={https://www.scopus.com/inward/record.uri?eid=2-s2.0-85114797104&doi=10.1371%2fjournal.pcbi.1009346&partnerID=40&md5=8c644b65aac1d395defa95b616f7d6b6},
publisher={Public Library of Science},
issn={1553734X},
pubmed_id={34506478},
language={English},
abbrev_source_title={PLoS Comput. Biol.},
document_type={Article},
source={Scopus},
}

@ARTICLE{Martonosi2021,
author={Martonosi, S.E. and Behzad, B. and Cummings, K.},
title={Pricing the COVID-19 vaccine: A mathematical approach},
journal={Omega (United Kingdom)},
year={2021},
volume={103},
doi={10.1016/j.omega.2021.102451},
art_number={102451},
url={https://www.scopus.com/inward/record.uri?eid=2-s2.0-85103715400&doi=10.1016%2fj.omega.2021.102451&partnerID=40&md5=b32bb4854df3717948c92252950e6e50},
publisher={Elsevier Ltd},
issn={03050483},
coden={OMEGA},
language={English},
abbrev_source_title={Omega},
document_type={Article},
source={Scopus},
}

@ARTICLE{Ferranna2021924,
author={Ferranna, M. and Cadarette, D. and Bloom, D.E.},
title={COVID-19 Vaccine Allocation: Modeling Health Outcomes and Equity Implications of Alternative Strategies},
journal={Engineering},
year={2021},
volume={7},
number={7},
pages={924-935},
doi={10.1016/j.eng.2021.03.014},
url={https://www.scopus.com/inward/record.uri?eid=2-s2.0-85109452308&doi=10.1016%2fj.eng.2021.03.014&partnerID=40&md5=5ef0f43aa00535f9cfb1014b39f19384},
publisher={Elsevier Ltd},
issn={20958099},
language={English},
abbrev_source_title={Engineering},
document_type={Article},
source={Scopus},
}

@ARTICLE{Jadidi2021,
author={Jadidi, M. and Jamshidiha, S. and Masroori, I. and Moslemi, P. and Mohammadi, A. and Pourahmadi, V.},
title={A two-step vaccination technique to limit COVID-19 spread using mobile data},
journal={Sustainable Cities and Society},
year={2021},
volume={70},
doi={10.1016/j.scs.2021.102886},
art_number={102886},
url={https://www.scopus.com/inward/record.uri?eid=2-s2.0-85103338206&doi=10.1016%2fj.scs.2021.102886&partnerID=40&md5=fb91bbd558f5c8d98aabf0cb7cde1aeb},
publisher={Elsevier Ltd},
issn={22106707},
language={English},
abbrev_source_title={Sustainable Cities Soc.},
document_type={Article},
source={Scopus},
}

@ARTICLE{Moore2021,
author={Moore, S. and Hill, E.M. and Dyson, L. and Tildesley, M.J. and Keeling, M.J.},
title={Modelling optimal vaccination strategy for SARS-CoV-2 in the UK},
journal={PLoS Computational Biology},
year={2021},
volume={17},
number={5},
doi={10.1371/journal.pcbi.1008849},
art_number={e1008849},
url={https://www.scopus.com/inward/record.uri?eid=2-s2.0-85105476674&doi=10.1371%2fjournal.pcbi.1008849&partnerID=40&md5=1b0a1b4c8b17be12aaacbd89f47f974e},
publisher={Public Library of Science},
issn={1553734X},
pubmed_id={33956791},
language={English},
abbrev_source_title={PLoS Comput. Biol.},
document_type={Article},
source={Scopus},
}

@ARTICLE{Chen20211862,
author={Chen, X. and Zhu, G. and Zhang, L. and Fang, Y. and Guo, L. and Chen, X.},
title={Age-Stratified COVID-19 Spread Analysis and Vaccination: A Multitype Random Network Approach},
journal={IEEE Transactions on Network Science and Engineering},
year={2021},
volume={8},
number={2},
pages={1862-1872},
doi={10.1109/TNSE.2021.3075222},
art_number={9416905},
url={https://www.scopus.com/inward/record.uri?eid=2-s2.0-85105040660&doi=10.1109%2fTNSE.2021.3075222&partnerID=40&md5=0946ed9dd2b37eb2944fa3a916719051},
publisher={IEEE Computer Society},
issn={23274697},
language={English},
abbrev_source_title={IEEE Trans. Netw. Sci. Eng.},
document_type={Article},
source={Scopus},
}

@ARTICLE{Richard2021,
author={Richard, Q. and Alizon, S. and Choisy, M. and Sofonea, M.T. and Djidjou-Demasse, R.},
title={Age-structured non-pharmaceutical interventions for optimal control of COVID-19 epidemic},
journal={PLoS Computational Biology},
year={2021},
volume={17},
number={3},
doi={10.1371/journal.pcbi.1008776},
art_number={e1008776},
url={https://www.scopus.com/inward/record.uri?eid=2-s2.0-85102646554&doi=10.1371%2fjournal.pcbi.1008776&partnerID=40&md5=f125c0820fa7a4cb0262597eeb321704},
publisher={Public Library of Science},
issn={1553734X},
pubmed_id={33661890},
language={English},
abbrev_source_title={PLoS Comput. Biol.},
document_type={Article},
source={Scopus},
}

@ARTICLE{Munguía-López20213,
author={Munguía-López, A.C. and Ponce-Ortega, J.M.},
title={Fair Allocation of Potential COVID-19 Vaccines Using an Optimization-Based Strategy},
journal={Process Integration and Optimization for Sustainability},
year={2021},
volume={5},
number={1},
pages={3-12},
doi={10.1007/s41660-020-00141-8},
url={https://www.scopus.com/inward/record.uri?eid=2-s2.0-85099424831&doi=10.1007%2fs41660-020-00141-8&partnerID=40&md5=6fafd5d84f9f98e75aab3c2055aff143},
publisher={Springer},
issn={25094238},
language={English},
abbrev_source_title={Process. Integr. Optim. Sustain.},
document_type={Article},
source={Scopus},
}

@ARTICLE{Narassima2021303,
author={Narassima, M.S. and Anbuudayasankar, S.P. and Balaji, K.S. and Ramasubramanian, B.},
title={Modelling and simulation of vaccine distribution: a COVID-19 situation},
journal={International Journal of Simulation and Process Modelling},
year={2021},
volume={17},
number={4},
pages={303-318},
doi={10.1504/IJSPM.2021.122508},
url={https://www.scopus.com/inward/record.uri?eid=2-s2.0-85130171507&doi=10.1504%2fIJSPM.2021.122508&partnerID=40&md5=6a6fb5d56b2d892b22396192bea221eb},
publisher={Inderscience Publishers},
issn={17402123},
language={English},
abbrev_source_title={Int. J. Simul. Process Model.},
document_type={Article},
source={Scopus},
}

@ARTICLE{Febria2021,
author={Febria, J. and Dewi, C. and Mailoa, E.},
title={Optimization of capacitated vehicle routing problem using initial route with same size K-means and greedy algorithm for vaccines distribution},
journal={International Journal of Applied Science and Engineering},
year={2021},
volume={18},
number={6},
doi={10.6703/IJASE.202112_18(6).002},
art_number={2021103},
url={https://www.scopus.com/inward/record.uri?eid=2-s2.0-85125075695&doi=10.6703%2fIJASE.202112_18%286%29.002&partnerID=40&md5=c42fc8e07556f6c41ece736a74c47640},
publisher={Chaoyang University of Technology},
issn={17272394},
language={English},
abbrev_source_title={Int. J. Appl. Sci. Eng.},
document_type={Article},
source={Scopus},
}

@ARTICLE{Rodrigues20211,
author={Rodrigues, A.J.D.S. and Lima, G.L.},
title={A metaheuristic to support the distribution of COVID-19 vaccines},
journal={Production},
year={2021},
volume={31},
pages={1-12},
doi={10.1590/0103-6513.20210031},
url={https://www.scopus.com/inward/record.uri?eid=2-s2.0-85120319874&doi=10.1590%2f0103-6513.20210031&partnerID=40&md5=877ab0dac5aeff811edb8a47b2c693c2},
publisher={Associacao Brasileira de Engenharia de Producao},
issn={01036513},
language={English},
abbrev_source_title={Prod.},
document_type={Article},
source={Scopus},
}

@ARTICLE{Soria-Arguello2021,
author={Soria-Arguello, I. and Torres-Escobar, R. and Pérez-Vicente, H.A. and Perea-Rivera, T.G.},
title={A Proposal Mathematical Model for the Vaccine COVID-19 Distribution Network: A Case Study in Mexico},
journal={Mathematical Problems in Engineering},
year={2021},
volume={2021},
doi={10.1155/2021/5484101},
art_number={5484101},
url={https://www.scopus.com/inward/record.uri?eid=2-s2.0-85119908336&doi=10.1155%2f2021%2f5484101&partnerID=40&md5=f08ec75f761170dd2a79dfcc017770b8},
publisher={Hindawi Limited},
issn={1024123X},
language={English},
abbrev_source_title={Math. Probl. Eng.},
document_type={Article},
source={Scopus},
}

@ARTICLE{Ji20216739,
author={Ji, Y. and Jin, X. and Xu, Z. and Qu, S.},
title={A mixed 0-1 programming approach for multiple attribute strategic weight manipulation based on uncertainty theory},
journal={Journal of Intelligent and Fuzzy Systems},
year={2021},
volume={41},
number={6},
pages={6739-6754},
doi={10.3233/JIFS-210650},
url={https://www.scopus.com/inward/record.uri?eid=2-s2.0-85117422920&doi=10.3233%2fJIFS-210650&partnerID=40&md5=359e55cc0a606888db44fdbec437e986},
publisher={IOS Press BV},
issn={10641246},
language={English},
abbrev_source_title={J. Intelligent Fuzzy Syst.},
document_type={Article},
source={Scopus},
}

@ARTICLE{Golan20211723,
author={Golan, M.S. and Trump, B.D. and Cegan, J.C. and Linkov, I.},
title={Supply chain resilience for vaccines: review of modeling approaches in the context of the COVID-19 pandemic},
journal={Industrial Management and Data Systems},
year={2021},
volume={121},
number={7},
pages={1723-1748},
doi={10.1108/IMDS-01-2021-0022},
url={https://www.scopus.com/inward/record.uri?eid=2-s2.0-85105985701&doi=10.1108%2fIMDS-01-2021-0022&partnerID=40&md5=fe94e21cd27983c1dc649d9196789b1a},
publisher={Emerald Publishing},
issn={02635577},
coden={IMDSD},
language={English},
abbrev_source_title={Ind Manage Data Sys},
document_type={Article},
source={Scopus},
}

@ARTICLE{Roy202115110,
author={Roy, S. and Dutta, R. and Ghosh, P.},
title={Optimal time-varying vaccine allocation amid pandemics with uncertain immunity ratios},
journal={IEEE Access},
year={2021},
volume={9},
pages={15110-15121},
doi={10.1109/ACCESS.2021.3053268},
art_number={9330610},
url={https://www.scopus.com/inward/record.uri?eid=2-s2.0-85103360257&doi=10.1109%2fACCESS.2021.3053268&partnerID=40&md5=7e4c49f733f435dc058080603dd3269d},
publisher={Institute of Electrical and Electronics Engineers Inc.},
issn={21693536},
language={English},
abbrev_source_title={IEEE Access},
document_type={Article},
source={Scopus},
}
